3406 5438
636 925 680 935 ..
703 892 724 955 3
747 923 790 938 -

237 1027 381 1094 liberam
414 1031 624 1097 sententiam
654 1026 861 1116 expromere
896 1049 968 1098 non
999 1031 1190 1097 dubitabat.

124 1174 127 1183 =
236 1146 416 1230 Temporis
442 1147 511 1212 acti
541 1150 770 1234 contemptor,
801 1167 874 1216 non
900 1147 1007 1213 modo
1034 1149 1192 1213 veterum

237 1261 292 1326 vel
315 1278 432 1329 mores
459 1263 515 1329 vel
541 1265 709 1344 carmina,
740 1266 802 1332 sed
829 1264 1065 1331 recentiorum
1089 1264 1192 1328 etiam

236 1378 320 1444 vitia
336 1396 545 1465 erroresque
564 1380 717 1448 ludibrio
737 1380 854 1460 dabat,
872 1384 906 1446 et
925 1379 1008 1464 quid
1024 1378 1193 1445 derebus

237 1494 347 1561 sacris
363 1496 509 1561 sentiret
526 1496 644 1580 palam
663 1496 863 1564 dictitabat:
880 1495 972 1582 quod
987 1493 1069 1560 huic
1082 1497 1193 1578 poetae

237 1610 448 1693 gravissimo
468 1611 604 1678 crimini
629 1613 747 1680 datum
771 1613 848 1692 fuit,
867 1625 975 1698 quum
997 1609 1193 1696 praesertim

238 1744 317 1792 eum
348 1729 469 1812 pravis
499 1728 656 1796 moribus
684 1724 793 1796 vitam
825 1742 927 1795 suam
958 1725 1194 1793 dehonestare

168 1871 171 1875 ·
237 1842 332 1910 lama
350 1847 436 1912 erat.
454 1842 508 1910 Illi
522 1845 617 1911 enim
636 1865 725 1931 quos
744 1845 906 1912 Clemens
921 1840 1077 1909 mordaci
1090 1843 1193 1908 dente

237 1959 450 2046 insonnem,
500 1962 651 2029 satiricis
695 1960 910 2029 carminibus
955 1958 1191 2040 dilacerabat,

237 2095 360 2144 omnes
377 2095 449 2144 non
464 2079 577 2144 solum
591 2098 752 2152 rumores
770 2079 829 2164 qui
845 2077 977 2164 passim
993 2076 1036 2143 de
1053 2095 1094 2143 eo
1111 2094 1187 2161 per-

236 2192 438 2261 ferebantur
467 2194 618 2262 libenter
642 2197 875 2282 excipiebant,
910 2195 978 2262 sed
1004 2193 1191 2260 intestissi-

236 2309 303 2376 mis
318 2311 424 2376 etiam
442 2312 568 2378 animis
582 2309 808 2398 inquirebant
822 2306 913 2396 quid'
927 2311 1045 2379 facere
1066 2309 1195 2396 quidve

158 2468 160 2472 -
237 2427 334 2493 noxii
353 2427 471 2494 dicere
491 2432 617 2514 posset
636 2433 674 2496 ut
696 2429 777 2496 inde
800 2448 907 2495 causa
932 2445 1012 2495 eum
1034 2444 1135 2493 reum
1151 2425 1195 2491 ad

232 2542 373 2628 judices
395 2544 600 2612 adducendi
620 2546 713 2613 etin
733 2544 848 2613 vincla
874 2543 1084 2630 conjiciendi
1108 2542 1194 2628 ipsis

182 2728 185 2735 ,
240 2664 344 2728 esset.

282 2777 448 2863 Discipull
461 2781 578 2845 autem
591 2776 742 2846 Cretini¹
757 2797 948 2863 omnesque
962 2777 1116 2844 ineuntis
1128 2795 1195 2843 sae·

238 2893 305 2964 cull
321 2903 505 2981 poetarum
518 2897 711 2964 imitatores
726 2915 825 2979 aegre
838 2892 1194 2975 ferebant'llarotum,

207 3013 210 3018 ’
237 3013 391 3080 arerbis
404 3011 586 3098 modisque
609 3016 681 3098 jam
704 3017 787 3079 tunc
806 3008 972 3079 obsoletis
997 3011 1194 3078 desciscen-

237 3134 319 3211 tem,
336 3132 471 3214 figuras
483 3150 658 3216 vocesque
685 3150 798 3198 novas
824 3126 1021 3209 admittere,
1044 3128 1195 3213 ut'pers-

237 3248 378 3334 picuum
394 3253 484 3315 este
507 3248 669 3315 versibus
698 3246 768 3314 illis
797 3261 886 3332 quos
904 3247 941 3312 in
971 3248 1143 3331 poemate,
1165 3246 1198 3311 le

237 3358 374 3432 Eubois
407 3361 457 3432 du
484 3361 625 3455 Coquet
648 3362 693 3431 de
714 3358 853 3431 Murot'
874 3358 1001 3448 gallice
1027 3362 1195 3447 inscripto

239 3479 410 3567 legimus:

372 3683 527 3735 memmae
538 3699 555 3734 a
563 3684 660 3754 ,Moror
675 3685 744 3734 tant·
753 3683 851 3734 habile

523 3765 685 3826 Sihumilc,

379 3845 464 3898 Doibt
479 3858 550 3911 pour
565 3846 682 3897 humble
697 3860 732 3896 en
746 3838 900 3909 F'rancoys.

636 3923 700 3986 (Eo.
718 3927 759 3977 Lu
774 3927 869 3987 Haru,
886 3928 906 3975 t.
922 3923 971 3984 IV,
987 3937 1016 3987 p.
1033 3922 1105 3983 452.)

271 4133 340 4185 [De
354 4135 478 4186 Cratino:
503 4136 646 4193 Pisaurus.
670 4135 862 4186 recuruato
884 4135 909 4184 ta
930 4133 1034 4196 Fruere,
1059 4131 1117 4192 Vll,
1144 4135 1193 4188 l2;

240 4205 273 4257 A.
286 4204 494 4267 Dnnuusrurun,
509 4207 542 4256 Le
554 4220 610 4256 xvr
624 4207 693 4256 siecle
707 4223 735 4256 en
749 4207 853 4263 Franco.
867 4224 892 4271 p.
904 4207 944 4258 83.
