3406 5438
767 916 811 939 -.-
833 892 875 956 47
900 927 944 938 .-

376 1039 421 1104 tis
449 1037 553 1123 liiijus
584 1035 767 1102 audaciam
796 1033 946 1101 ludibrio
967 1033 1108 1098 ‘vertens
1128 1031 1222 1115 qnod
1255 1044 1327 1098 non

376 1154 490 1220 solum
521 1153 704 1230 Clementi,
727 1154 841 1236 poetae
857 1150 971 1241 regio,
998 1150 1208 1231 arroganter
1235 1146 1329 1233 loqui

376 1269 567 1336 sedetiam
592 1267 787 1334 minacibus
814 1265 931 1334 verbis
961 1265 999 1331 in
1031 1278 1111 1330 enm
1142 1263 1192 1328 uti
1219 1282 1327 1331 ausus

374 1385 489 1464 fuerit,
502 1385 579 1451 haec
596 1384 752 1469 profert:

516 1569 569 1630 Ha,
585 1562 640 1618 hai
655 1569 819 1630 vrayement
833 1567 903 1616 c‘est
913 1564 980 1616 bien
993 1563 1077 1615 corne
1092 1580 1097 1612 ι

514 1642 576 1698 J'en
589 1662 623 1712 ay
638 1635 665 1696 le
679 1648 730 1696 nez
745 1647 807 1696 tout
820 1643 937 1696 escorne
967 1680 970 1686 «

514 1729 556 1778 De
571 1731 632 1778 cest
646 1727 720 1778 abbo
735 1725 769 1776 de
785 1725 935 1786 Conardic,

516 1807 573 1869 Qui
587 1821 603 1858 a
618 1811 679 1858 tant
692 1806 719 1856 la
732 1819 816 1857 corne
829 1805 938 1866 hardie,

515 1887 557 1937 Dc
574 1884 601 1938 la
615 1875 711 1937 iancer
723 1900 757 1937 en
773 1883 944 1937 descornant

514 1964 624 2020 Bessus
637 1954 738 2028 Marot,
755 1968 816 2030 trop
831 1966 938 2017 mtenlx
953 1967 1082 2016 cernant.
1094 1999 1118 2014 ..

908 2038 956 2111 {La
970 2045 1059 2109 Haye,
1076 2047 1097 2093 t.
1112 2042 1162 2104 IV,
1176 2056 1204 2107 p.
1220 2033 1294 2105 563.)

417 2223 563 2308 Jamque
582 2236 589 2286 :

513 2389 652 2454 Parquoy,
667 2387 788 2450 Conard‚
802 2387 873 2439 fault
888 2389 986 2454 quotu
1001 2385 1102 2437 saches

514 2466 576 2530 Que
589 2472 620 2519 tn
632 2463 692 2520 n'es
707 2469 763 2520 bon
777 2469 841 2533 qu'd
857 2481 954 2519 corner
967 2466 1085 2517 rachos,

512 2549 558 2598 Du
572 2548 660 2614 grand
672 2558 791 2599 corneur
805 2549 848 2598 les
861 2547 926 2612 plus
942 2547 1017 2612 petis

512 2629 634 2679 Novices
649 2632 677 2679 et
691 2629 763 2680 bons
778 2629 922 2694 apprentiz

512 2709 552 2780 Te
565 2712 791 2773 monstreroycnt
805 2723 860 2774 que
875 2712 906 2759 tu
919 2707 1062 2769 t'avanccs

511 2787 555 2839 De
569 2802 667 2840 corner
679 2797 714 2838 en
726 2786 840 2839 lourdes
852 2791 1000 2850 muances,'

511 2868 546 2918 Et
563 2883 619 2934 que
633 2873 665 2920 tn
677 2883 714 2920 ne
727 2869 800 2921 tiens
813 2870 908 2920 bonne
920 2882 1048 2918 mesum.
1060 2900 1084 2916 .·
1218 2923 1221 2927 ¹

999 2943 1089 3008 (laid,
1104 2959 1133 3009 p.
1149 2936 1223 3007 554.)

387 3121 568 3207 ,Denique
603 3124 720 3214 abbati
752 3125 833 3192 huic
869 3124 992 3191 suadet
1026 3126 1082 3206 ut,
1121 3118 1327 3206 prudentior

370 3236 494 3318 tactus,
519 3239 642 3308 alienis
657 3241 841 3308 discordiis
856 3260 893 3307 se
910 3230 1037 3306 iterum
1051 3237 1249 3304 immiscere
1268 3235 1330 3300 de-

373 3352 477 3420 sinat.

416 3464 571 3547 Quanvis
584 3474 701 3541 omnia
715 3473 792 3541 haec
806 3473 962 3540 carmina
977 3492 997 3540 a
1015 3474 1149 3540 Maroto
1162 3472 1196 3536 et
1206 3466 1328 3535 amicis

370 3587 524 3670 benigno
538 3589 654 3655 animo
669 3609 741 3656 non
754 3594 899 3675 excepta
914 3590 1075 3668 fuissent,
1090 3586 1198 3653 abbas
1209 3587 1326 3650 tamen

371 3703 474 3784 regni
499 3706 683 3772 Conardiae
707 3707 793 3771 nihil
819 3724 891 3771 non
914 3705 1120 3772 tentandum
1145 3705 1272 3787 putans
1290 3701 1328 3764 ut

370 3839 439 3904 pax
456 3825 490 3886 et
505 3822 692 3888 concordia
708 3823 745 3888 in
758 3825 935 3888 Parnasso
955 3821 1084 3905 gallico
1099 3835 1329 3903 componere·

370 3940 438 4014 tur,
455 3954 562 4020 quum
577 3957 614 4004 se
635 3957 764 4021 magno
782 3938 969 4004 inhonore
992 3937 1085 4022 apud
1103 3954 1225 4003 omnes
1248 3951 1326 4000 esse
1351 3943 1352 3946 ’
1455 3976 1458 3984 -

373 4053 529 4133 sentiret,
543 4072 668 4138 poema
684 4073 808 4122 rursus
818 4055 973 4122 condidit
989 4055 1026 4120 in
1041 4073 1110 4139 quo
1126 4073 1163 4143 se
1181 4071 1202 4119 a
1219 4051 1327 4137 parti-

372 4169 437 4236 bus
451 4169 718 4238 adversantibus
738 4171 851 4254 jnrgii
874 4172 1044 4238 arbitrum
1063 4169 1197 4238 admitti
1219 4168 1327 4235 simu·
