3406 5438
752 1293 825 1373 §L

314 1587 493 1639 snoourus
507 1589 586 1638 unm
601 1590 782 1639 cinnanum
794 1591 893 1648 Quuu
906 1592 1057 1643 onumen
1069 1589 1265 1644 maumam:

615 1685 668 1756 Le
686 1709 775 1775 coep
793 1687 964 1776 d'Essoy.
1024 1675 1028 1681 ’

357 2060 426 2126 Vix
449 2063 566 2127 autem
594 2061 757 2129 Clemens
785 2061 867 2128 exul
894 2080 914 2127 e
944 2060 1055 2128 Gallia
1076 2059 1113 2125 in
1135 2058 1270 2125 ltaliam

313 2179 486 2261 pervenit,
512 2181 585 2245 tum
607 2180 797 2262 Sagontus,
828 2201 843 2237 a
870 2178 966 2245 rabie
988 2177 1141 2261 agitatus
1171 2175 1269 2241 edaci

313 2296 417 2378 atque
433 2295 625 2378 Saguntina
640 2295 871 2362 discruciatus
886 2294 990 2371 same,
1006 2319 1021 2354 2>
1040 2297 1079 2360 ut
1089 2293 1137 2358 ait
1149 2291 1269 2360 Chris-

315 2411 484 2496 tophorus
497 2410 696 2490 Rioherius‚
712 2411 827 2479 socios
843 2430 1019 2496 quaerere,
1035 2410 1182 2477 consilia
1199 2428 1266 2475 ma·

296 2546 300 2550 ·
314 2528 462 2605 chinari,
474 2527 512 2594 in
522 2532 660 2612 poetam
673 2529 811 2608 regium
825 2529 898 2595 iras
911 2528 1068 2594 omnium
1078 2526 1268 2603 concitare,

314 2663 452 2711 omnem
472 2645 622 2730 denique
642 2645 814 2711 rationem
825 2644 1048 2728 veliniquam
1068 2643 1270 2726 excogitare

313 2765 352 2826 ut
375 2763 529 2828 Marotus
555 2762 593 2827 in
616 2761 766 2846 patriam
791 2761 900 2846 recipi
928 2779 1110 2846 nunquam
1136 2762 1269 2846 posset.

315 2868 384 2935 Sed
400 2869 467 2935 iste
486 2869 545 2952 qui
560 2867 624 2934 sibi
643 2868 710 2954 ipsi
724 2886 853 2934 nomen
872 2868 1020 2933 latinum
1042 2893 1056 2926 r
1076 2870 1271 2934 Maromas·

314 2982 364 3048 tix
381 3007 398 3042 n
425 2983 600 3063 videlicet,
619 2983 757 3066 fingere
773 3000 844 3048 non
859 2982 1040 3062 dubitavit,
1060 3001 1193 3079 paucos
1215 2982 1270 3047 in-

312 3100 409 3166 venit
426 3101 484 3185 qui
509 3118 654 3167 vesanae
678 3099 784 3185 hujus
810 3094 1065 3185 conjurationis
1085 3104 1270 3188 consortes

314 3235 393 3284 esse
414 3217 556 3283 vellent.
578 3217 728 3293 Quidam
740 3206 880 3283 'tantum
899 3222 1012 3302 poetae
1030 3218 1205 3302 ignobiles
1236 3222 1271 3285 et

314 3333 500 3412 ambitiosi,
523 3333 577 3400 vel
597 3334 757 3400 homines
777 3333 951 3418 religione
969 3336 1095 3420 pusilla
1114 3335 1270 3420 flagran-

315 3457 368 3517 tes
392 3470 471 3517 oum
491 3449 550 3516 illo
571 3450 608 3517 in
635 3451 838 3518 societatem
858 3452 980 3518 venire
1002 3471 1073 3519 non
1092 3452 1273 3519 dubitave-

315 3570 409 3646 runt,
427 3573 465 3632 ut
481 3566 547 3633 hos
567 3566 724 3633 omittam
743 3568 813 3652 qui,
836 3568 931 3635 haud
951 3568 1128 3636 absimiles
1145 3569 1207 3636 rili
1222 3569 1274 3634 su-

316 3703 437 3751 corum
456 3682 574 3769 gregi,
590 3683 684 3750 circa
702 3683 802 3750 savos
818 3702 925 3770 apum
943 3684 1091 3752 volitant
1112 3685 1158 3751 ad
1175 3685 1274 3770 quid·

314 3820 419 3886 quam
433 3799 644 3886 optatissimi
660 3801 807 3887 deorum
821 3802 890 3868 cibi
904 3802 1184 3888 subripiendum.

386 4005 468 4055 Mons
482 4000 649 4068 parturibat,
665 4003 788 4066 gemitus
803 4002 942 4053 immanes
959 4001 1057 4063 edens,

386 4085 425 4135 At
438 4083 485 4134 ille
498 4095 607 4133 murem
620 4083 739 4147 peperit.

803 4165 943 4238 (Pubnau,
959 4172 979 4223 l.
995 4173 1044 4237 lv,
1059 4173 1116 4226 fab.
1134 4168 1200 4236 18⁸.)
