3406 5438
763 891 941 958 ...16-

444 1043 505 1095 Une
518 1041 616 1108 plume¹
627 1040 705 1102 orde,
721 1043 749 1092 et
762 1040 938 1104 enveuimee‚

442 1124 541 1175 Plume
553 1123 677 1189 d'arpye,
692 1136 730 1172 ou
744 1120 780 1173 de
795 1122 918 1187 quelque
932 1121 1074 1181 ohouette,

444 1204 515 1256 Vole
527 1206 555 1255 et
568 1205 706 1270 poursuyt
722 1202 762 1252 du
775 1202 930 1253 souverain
938 1202 1023 1252 Poete

443 1285 521 1336 Maro
535 1284 677 1349 Franqoys
691 1282 718 1333 10
730 1295 826 1333 renom
841 1280 1014 1344 invincible;

443 1364 513 1416 Vela
528 1365 563 1416 de
577 1378 664 1430 quoy.
678 1363 751 1414 Mais
765 1361 848 1414 est-il
858 1362 933 1414 'bien
946 1360 1073 1428 possible

444 1445 507 1508 Qua
521 1442 616 1510 Sagen
630 1445 669 1495 ait
682 1457 740 1508 ung
755 1442 780 1493 si
791 1441 888 1494 lasohe
906 1445 934 1493 et
947 1442 1013 1493 vain
1027 1454 1106 1492 ooeur

444 1525 507 1588 Que
520 1538 571 1590 par
584 1523 706 1575 mesdire
720 1523 741 1573 il
754 1521 859 1573 vueille
873 1525 947 1573 estre
961 1521 1119 1587 vainqueur

443 1605 490 1657 Du
503 1605 593 1672 grand
607 1606 699 1670 poete,
719 1616 800 1669 apres
814 1602 909 1668 lequel
923 1602 943 1652 il
955 1602 1080 1654 01110001

418 1780 509 1858 Quid
524 1779 639 1846 dicam
663 1778 707 1846 de
731 1776 974 1864 christophori
996 1774 1152 1844 Rioherii
1172 1773 1210 1841 in
1233 1792 1331 1841 eum-

373 1897 453 1963 dem
472 1899 666 1980 sagontum
683 1894 966 1983 epigrammate?
990 1897 1051 1962 aut
1073 1893 1116 1959 de
1146 1891 1224 1959 Jani
1240 1894 1332 1959 Par-

371 2012 494 2097 rhasii,
522 2018 636 2099 poetae
664 2011 950 2097 senogalliensis,
969 2009 1124 2079 carmine
1142 2007 1328 2095 phalaecio,

369 2150 430 2216 qur

512 2321 544 2371 In
558 2321 656 2386 primis
671 2320 798 2386 lepidum
813 2328 840 2370 01
853 2319 933 2384 pium
946 2319 1095 2381 Marotum‚

512 2402 613 2453 Vatem
627 2402 735 2468 regium
750 2405 778 2453 et
792 2413 909 2452 aureum
921 2403 1025 2462 tuetur,

511 2481 553 2532 De
566 2483 657 2533 Musis
673 2483 746 2535 bene
760 2481 869 2547 gallicis
883 2484 1049 2546 merentem,

511 2561 587 2612 Dum
601 2563 706 2613 exertis
720 2562 794 2612 male
810 2561 943 2612 dentibus
955 2561 1071 2613 lacessit

511 2642 667 2693 Absentem
683 2641 808 2694 Cerritus
820 2639 950 2691 misellus
964 2655 1053 2693 unum

512 2721 665 2775 Defensore
679 2723 726 2788 pio
738 2722 819 2789 pium
831 2723 1022 2773 carentem...

805 3180 827 3260 g
847 3180 890 3246 11.

371 3470 640 3541 FRIPELIPPEUS,
656 3480 791 3530 MAROTI
814 3481 964 3532 REDUCIS
976 3482 1156 3550 FAMULUS,
1168 3482 1326 3533 SAGONTO

415 3595 484 3643 PRO
507 3595 641 3645 DOMINO
673 3597 883 3648 RESPONSUM
909 3600 994 3648 DAT.
1025 3619 1070 3631 —
1099 3598 1326 3649 FRIPELIPPEI

416 3708 643 3762 GENEALOGIA
659 3713 684 3761 A
698 3713 904 3764 SAGONTINIS
922 3714 1159 3767 COMPONITUR.

413 4068 568 4135 Tandem
593 4070 736 4140 finiente
755 4073 941 4142 millesimo
965 4076 1247 4163 quingentesimo
1262 4077 1324 4145 tri-

347 4276 350 4283 .
370 4183 500 4252 oesimo
515 4190 551 4253 et
569 4191 668 4255 sexto
690 4207 798 4274 auno,
825 4195 960 4262 Maroto
978 4194 1104 4280 pedem
1118 4194 1154 4262 in
1173 4195 1325 4281 patriam
