3406 5438
767 868 944 952 -·,1,5-·

376 1014 539 1096 exuptata
563 1011 607 1076 ad
627 1010 719 1076 diem
747 1010 877 1097 dictam
901 1029 978 1096 nun
1003 1011 1214 1098 pervenerit
1244 1013 1335 1091 Quid

375 1146 459 1193 vero
479 1126 751 1219 existimandum
766 1128 809 1192 de
825 1127 902 1192 viro
918 1127 978 1212 qui
993 1145 1066 1192 nun
1081 1127 1195 1195 solum
1209 1127 1333 1212 procul

375 1263 396 1310 a
420 1244 580 1327 cognatis
599 1243 792 1339 amicisque.
814 1224 922 1315 uitam
951 1261 1161 1333 consumere
1181 1245 1336 1336 cogeba-

311 1393 314 1400 ·
375 1364 442 1438 tur,
455 1360 515 1425 sed
529 1359 807 1433 inimicosatiam
822 1359 966 1426 infanda
979 1359 1070 1433 inse
1084 1359 1234 1436 crimina
1250 1379 1336 1426 con·
1410 1346 1414 1355 ’

376 1475 470 1541 linuo
490 1475 853 1561 conlerere‚sciebatl
872 1471 1040 1565 Nonnulli
1058 1479 1180 1567 tamen!
1194 1479 1335 1561 poetam

374 1590 512 1657 exulem
542 1591 630 1657 adeo
654 1592 784 1675 ignave
809 1592 965 1674 lacerari
991 1592 1138 1676 indigne
1165 1572 1333 1674 terentes,

373 1707 479 1791 hujus
512 1711 631 1809 partes
665 1708 800 1793 fortiter
835 1713 1086 1801 susceperunt,
1124 1707 1215 1774 inter
1246 1726 1334 1792 quos

377 1811 522 1908 Carolus
542 1825 733 1906 FontanuS,
765 1825 824 1910 qui
839 1824 996 1890 mordaci
1022 1824 1163 1908 acrique
1179 1823 1333 1892 carmine

375 1939 531 2039 Sagunto
547 1941 732 2026 Huetoque
752 1923 933 2026 respondit
953 1940 1079 2023 gallice
1093 1940 1213 2007 dicens
1234 1956 1241 2007 :

444 2141 532 2207 Celuy
548 2147 648 2195 estaol
662 2145 712 2209 qui
731 2159 783 2194 son
798 2145 957 2208 impar-faiel
973 2157 1069 2195 oeuvre

443 2235 467 2282 A
483 2234 576 2283 toules
590 2247 659 2298 gens
674 2233 898 2298 impudemment
913 2234 1091 2284 descoenvre.

440 2321 585 2374 Plusieurs
600 2338 719 2389 scarane
734 2324 849 2376 disent:
867 2341 882 2373 «
898 2323 961 2386 Qui.
972 2327 1036 2391 sunt
1055 2337 1104 2377 cus
1119 2324 1223 2389 ueaulx

442 2411 526 2474 Quia
541 2413 656 2464 rithmer
669 2426 700 2464 se
714 2417 843 2479 rumpent
857 2413 899 2465 les
912 2413 1062 2474 cerveaulx
1074 2415 1097 2462 ‘l-

416 2584 480 2651 Vel
504 2586 616 2652 alias:

440 2779 614 2832 Facilement
627 2784 655 2831 et
667 2795 733 2832 sans
752 2783 871 2847 prendre
886 2782 974 2847 grand
991 2783 1072 2845 solng

440 2869 484 2919 On
499 2870 557 2920 dict
571 2870 610 2920 du
622 2870 678 2921 mal
690 2871 725 2921 de
740 2872 823 2936 celuy
837 2871 887 2936 qui
901 2875 946 2922 est
958 2871 1047 2943 loing,

441 2958 503 3020 Que
516 2959 573 3009 l'on
586 2961 711 3025 pourroit
726 2961 803 3011 avoir
817 2974 851 3011 en
864 2973 1013 3010 reverencc

414 3088 424 3111 ‚
441 3049 513 3099 Pour
524 3063 576 3100 son
590 3050 700 3114 scavoir
714 3050 810 3114 quand
824 3050 844 3099 il
859 3052 902 3101 est
916 3064 950 3100 cn
966 3063 1112 3114 presence,

414 3223 476 3289 Vel
500 3224 607 3291 latine
630 3244 637 3289 :

438 3417 491 3468 Die
505 3417 583 3480 mihi,
601 3415 730 3483 Sagunti,
747 3431 811 3482 quae
828 3421 855 3468 le
869 3418 1012 3468 dementia
1032 3416 1128 3497 cepit?

476 3505 547 3568 Quae
562 3509 619 3557 tam
634 3498 714 3558 atrox
729 3507 821 3558 rabies
834 3508 862 3557 te
880 3506 933 3558 libi
947 3507 1104 3570 surripuit?

414 3690 661 3778 Bonaventura
696 3691 766 3768 (lea⁴
791 3689 968 3768 Berriers,
1002 3685 1160 3768 Cuniculi
1190 3684 1325 3767 reginae

369 3807 573 3890 Margaritae
584 3807 754 3886 minister,
768 3826 831 3891 pro
841 3809 977 3872 Marcio
991 3805 1135 3871 absente
1145 3802 1182 3866 in
1194 3802 1326 3883 Sagun-

370 3927 444 3988 tum
458 3943 582 3990 versns
598 3930 632 3990 et
651 3925 727 4009 ipse
749 3924 901 3990 scribere
916 3940 987 3988 non
1001 3919 1184 3998 dubitavit,
1199 3918 1236 3983 in
1250 3917 1327 4001 qui-

369 4038 435 4139 bus
450 4040 560 4139 hujus-
573 4039 715 4136 inglorii
731 4046 843 4132 poetae
865 4039 1054 4124 maledicta
1062 4034 1325 4122 reprehendens

370 4160 405 4231 ct.
424 4157 621 4257 emergimur,
638 4157 849 4255 intimaretur,
866 4155 988 4250 quau:
