3406 5438
782 887 952 961 ..27.-.

379 1042 494 1126 jocari
512 1043 665 1120 tentans,
693 1053 731 1107 se
757 1042 871 1125 poetae
894 1037 1027 1121 regaiie
1052 1037 1210 1123 improbe
1237 1037 1338 1104 sactis

385 1159 531 1225 dictisve
549 1158 729 1224 incitatum
750 1156 851 1222 fateri
874 1174 945 1222 non
965 1153 1099 1220 dubitat
1117 1154 1162 1220 ad
1180 1155 1339 1220 'officium

346 1307 350 1314 ·
386 1276 429 1340 ab
453 1273 611 1359 epistolis
634 1273 812 1339 Francisci
833 1271 871 1336 in
894 1270 975 1337 aula
996 1271 1218 1355 captandum.
1239 1273 1338 1338 Post-

385 1409 490 1476 quam
526 1390 687 1456 omnihus
720 1388 926 1455 criminibus
956 1386 1137 1452 inimicum
1163 1373 1336 1470 oneravit,

384 1505 569 1595 egregiam
586 1507 663 1590 ejus
689 1521 827 1570 musam
841 1521 913 1568 non
931 1502 1035 1567 modo
1052 1501 1165 1586 carpit
1191 1505 1225 1567 et
1245 1502 1339 1569 vitu-

383 1626 494 1710 perat,
512 1621 575 1688 sed
593 1621 750 1687 omnium
770 1620 875 1685 etiam
899 1618 1018 1685 odium
1044 1617 1081 1684 in
1099 1617 1193 1685 hunc
1214 1617 1338 1703 hujus·

384 1740 507 1825 quein
527 1757 636 1824 opera
654 1737 830 1804 concitare
850 1735 966 1802 audet.

800 2175 823 2257 g
845 2175 903 2241 nr.

377 2444 512 2523 unaorr
533 2473 769 2541 arescentium,
783 2473 839 2524 cur
858 2474 1037 2525 sueourus
1057 2475 1125 2525 noc
1143 2475 1328 2526 cnaurun:

423 2599 438 2632 ι
465 2591 512 2640 nn
531 2591 660 2640 nanus
682 2592 730 2640 ou
751 2591 887 2651 cnounr
907 2592 952 2640 nu
969 2594 1231 2643 FRIPELIPPEso
1253 2592 1333 2643 ans·

419 2707 561 2756 rousuu
592 2708 724 2757 urrrrr.
759 2708 806 2755 nn
836 2707 1038 2764 ourssusunu
1069 2707 1330 2758 nrscmunonun

383 2848 385 2853 -
419 2821 653 2873 mimorumve
671 2822 907 2873 ronunrmus.

416 3136 533 3203 Facite
547 3137 698 3220 intelligi
712 3143 828 3225 potest
842 3144 973 3227 quanta
991 3141 1187 3225 indignatio
1205 3161 1251 3208 ex
1272 3142 1328 3209 his

336 3252 339 3258 '
373 3253 592 3320 contumeliis
622 3255 751 3322 auditis
778 3257 924 3324 lectisve
953 3258 1046 3342 apud
1070 3257 1196 3324 Maroti
1226 3256 1330 3323 farni-

372 3347 478 3435 liares
494 3372 528 3435 et
549 3370 679 3437 amicos
695 3376 773 3439 crta
791 3374 848 3440 sit.
869 3361 1003 3440 Idcirco
1021 3375 1114 3440 inter
1140 3373 1218 3439 illos
1244 3392 1329 3439 con-

372 3485 469 3551 venit
484 3491 522 3551 ut
541 3486 730 3571 quidquam
751 3490 911 3575 responsi
929 3490 1124 3555 mitteretur
1137 3489 1232 3573 quod
1249 3489 1327 3572 gal-

373 3599 439 3667 lice
453 3601 661 3686 inscriptum
680 3601 769 3669 fuit:
790 3602 993 3690 Rescripta
1009 3603 1186 3692 Fraopois
1204 3602 1332 3688 Sapore

373 3721 406 3782 et
430 3735 477 3781 au
495 3717 608 3799 jaune
632 3720 737 3800 pecte
766 3715 1015 3808 Chompestrc‚
1045 3721 1192 3802 focteur
1219 3719 1263 3784 dc
1289 3720 1325 3784 lo

372 3830 582 3920 peucolopic
609 3833 654 3899 de
684 3830 924 3920 Frr'petippes.
953 3837 1065 3919 Hujus
1099 3841 1216 3900 autem
1251 3853 1325 3900 car·

372 3947 476 4014 minis
503 3948 581 4032 quis
601 3948 705 4014 fuerit
724 3952 845 4016 auctor
860 3951 873 4016 i
889 3953 1025 4018 Nomen
1047 3969 1120 4017 non
1148 3950 1261 4017 solum
1279 3949 1324 4015 ad

370 4080 436 4128 nos
460 4081 532 4128 non
558 4065 730 4150 pervenit,
753 4067 815 4132 sed
841 4087 886 4134 ne
910 4086 932 4134 a
956 4056 1158 4152 S'agontinis
1185 4067 1325 4152 quidem

371 4181 494 4248 notum
508 4184 594 4260 erat,
616 4184 653 4248 ut
671 4181 893 4250 manifestum
909 4187 963 4251 cst
980 4202 1025 4250 ex
1038 4184 1094 4252 his
1108 4183 1269 4250 versibus
1285 4203 1293 4248 :
