3406 5438
741 873 919 938 ..10-

396 1015 460 1082 Vel
480 1018 518 1081 ut
546 1014 672 1098 gallice
689 1014 826 1099 loquar,
858 1014 949 1082 sicut
975 1015 1009 1080 et
1026 1015 1204 1096 saguntus
1232 1012 1307 1098 ipse

353 1133 446 1218 apud
464 1132 628 1198 Carolum
643 1133 861 1199 Fontanum:

496 1305 705 1359 Certainement
719 1308 814 1373 quand
827 1309 893 1359 bien
904 1310 964 1373 jey
980 1321 1077 1373 pense,

496 1386 622 1439 Souvont
636 1387 789 1438 m’advient
805 1401 837 1438 ce
850 1401 905 1453 que
919 1389 958 1438 sol
976 1401 1073 1452 pense.

494 1469 534 1518 La
548 1468 636 1518 verite
652 1483 683 1518 or
695 1481 739 1518 me
753 1471 863 1518 semont

497 1548 600 1614 Croyrc
617 1562 672 1612 que
685 1549 838 1600 ressemble
853 1550 868 1599 a
886 1562 918 1600 ce
932 1552 1011 1600 mont

498 1628 554 1690 Qui
566 1629 641 1692 jadis
656 1629 753 1680 s'enfla
765 1629 920 1691 tellement,

497 1708 559 1770 Quc
571 1709 628 1758 lors
643 1710 669 1760 13
681 1709 784 1760 monde
796 1713 875 1761 orent
889 1713 1036 1775 vrayment

499 1788 575 1850 Qu'il
590 1803 624 1840 cn
641 1790 793 1840 sortiroita
810 1791 963 1855 puissance

499 1869 603 1920 Mainte
616 1870 701 1921 chose
714 1871 952 1936 d'esbahyssance

500 1945 534 2011 (Ο
549 1951 635 2002 chose
647 1951 730 2016 digne
743 1951 778 2002 de
791 1952 879 2016 grand
893 1945 940 2015 ris)

501 2030 523 2080 Il
538 2031 601 2082 n'en
617 2033 698 2083 sortit
712 2032 816 2098 qu'une
830 2033 931 2083 souris.

547 2114 707 2186 (seulement
720 2121 751 2172 de
766 2121 894 2186 Saecula,
911 2135 961 2186 par
972 2119 1024 2172 Ch.
1040 2133 1078 2173 un
1093 2135 1129 2172 nu
1142 2117 1316 2187 Forvrsnvn.)

405 2277 557 2362 Sedqui
579 2283 727 2345 caeteros
750 2281 866 2345 suaet
887 2277 1022 2344 invidia
1038 2277 1076 2343 in
1091 2281 1264 2345 Marotum
1282 2282 1317 2346 et

359 2394 549 2460 ambitione
564 2397 750 2462 antecessit
770 2395 835 2461 luit
854 2397 988 2462 Huetus
1004 2394 1157 2480 quidam,
1173 2413 1192 2460 e
1210 2396 1316 2477 gente

359 2511 639 2600 Andecavorum.
664 2513 741 2597 Hic,
771 2511 949 2591 sacerdos
982 2512 1026 2578 ab
1056 2511 1213 2596 epistolis
1242 2514 1318 2579 erat

360 2627 459 2694 ducis
478 2628 684 2696 Vendocini.
710 2628 774 2705 Qui
794 2646 924 2711 magna
941 2627 1043 2694 lamae
1058 2628 1248 2713 cupiditate
1265 2628 1317 2694 la·

358 2746 488 2812 borans
504 2748 539 2811 at
551 2763 622 2811 non
640 2745 813 2828 singulari
825 2744 969 2828 ingenio
988 2744 1192 2829 praeclarus,
1210 2762 1316 2830 quum

360 2861 487 2928 Maroti
511 2863 546 2927 et
564 2880 623 2928 res
647 2864 681 2928 et
699 2862 809 2952 verba
827 2879 865 2926 se
883 2859 1029 2927 moleste
1056 2860 1147 2927 terre
1170 2846 1338 2927 conten?

362 2977 472 3057 deret,
485 2978 578 3045 hunc
596 2985 734 3062 poetam
748 2978 785 3043 in
801 2978 942 3045 exilium
957 2980 1106 3062 ejectum
1119 2996 1197 3044 esse
1214 2977 1317 3044 valde

360 3093 500 3160 laetatus
519 3100 587 3160 est.
609 3097 698 3160 Dum
713 3095 823 3177 igitur
842 3096 1019 3177 Sagontus
1034 3094 1079 3160 ad
1094 3093 1129 3158 id
1145 3108 1317 3177 arrogan-

360 3209 420 3275 tiae
441 3210 634 3276 devenerat
658 3213 697 3275 ut
715 3220 828 3295 poetae
848 3197 939 3293 regii
967 3228 1096 3276 nomen
1120 3214 1154 3275 et
1181 3209 1318 3274 titulum

363 3331 532 3412 captaret,
552 3329 701 3404 Huetus
722 3326 803 3393 licet
813 3330 887 3410 jam
903 3332 989 3392 natu
1013 3327 1171 3408 grandis,
1190 3344 1318 3392 munus

366 3462 435 3530 quo
454 3444 628 3511 Francisci
647 3444 684 3508 in
701 3444 781 3508 aula
804 3446 960 3510 Marotus
982 3442 1096 3508 fuerat
1120 3442 1317 3521 decoratus,

364 3562 496 3629 scilicet
521 3581 539 3626 a
561 3558 734 3638 cubiculo,
755 3560 821 3626 sibi
836 3559 912 3644 ipse
936 3563 1095 3646 repetere
1116 3578 1223 3626 ausus
1243 3562 1317 3625 est:

770 3748 891 3808 Uentre,

506 3830 552 3882 Un‘
568 3829 644 3880 Hu‘et
659 3820 694 3880 t'le
706 3828 779 3879 s'otte
794 3823 886 3892 grace,

506 3910 612 3975 Lequel
624 3910 723 3960 voulut
737 3909 814 3959 voler
828 3910 853 3958 13
867 3908 947 3972 place
972 3945 974 3949 -

507 3991 549 4040 De
563 3990 683 4040 l‘absent
697 4006 703 4039 ι
720 3990 793 4040 mais
806 3989 833 4039 le
847 3987 1021 4038 demandeur

507 4070 577 4120 Eust
592 4067 687 4120 affaire
701 4070 718 4120 a
732 4084 771 4120 un
784 4068 949 4119 entendeur.

831 4153 1002 4223 (Frc'pelippes
1013 4155 1031 4208 oi
1044 4157 1141 4222 Scaea,
1156 4154 1248 4221 1537.)
