3406 5438
997 854 1152 915 -8..

738 1001 871 1065 D'argent
885 998 1007 1064 quelque
1021 999 1109 1064 petite
1122 972 1241 1058 semme,

741 1089 798 1152 Qui
811 1089 878 1141 bien
893 1089 909 1139 a
921 1101 1024 1153 propos
1039 1091 1067 1138 te
1081 1088 1201 1138 eurvini.

905 1175 1077 1246 (Fripetippes
1088 1175 1106 1229 d
1117 1176 1215 1244 Sapen,
1232 1177 1306 1244 epist
1319 1177 1375 1241 51·,
1391 1177 1485 1242 1537.)

602 1355 702 1434 Quod
732 1354 853 1422 forsan
877 1351 992 1436 magis
1018 1351 1145 1417 mirum
1169 1350 1356 1430 videbitur,
1379 1354 1558 1436 saguntus

601 1473 727 1559 pedem
742 1469 958 1537 laudandum
972 1469 1056 1534 tunc
1070 1472 1264 1552 acceperat,
1281 1485 1389 1554 quum
1402 1471 1558 1537 Marotus

602 1591 637 1655 et
651 1587 754 1654 amici
770 1586 887 1652 emnia
914 1584 1073 1669 corporis
1091 1583 1237 1650 humani
1262 1586 1420 1652 membra
1445 1586 1560 1653 versi-

602 1705 668 1772 bus
685 1704 840 1770 nctanda
858 1700 1138 1785 illustrandaque
1157 1704 1400 1786 susceperunt.

649 1821 740 1887 Olim
753 1837 839 1886 vere
855 1836 963 1903 quum
980 1817 1017 1883 in
1030 1818 1153 1884 urbem
1165 1816 1342 1884 Alercium
1360 1818 1462 1886 ambo
1476 1839 1562 1906 pce-

605 1925 651 2005 tae
676 1936 871 2015 venissent,
899 1934 1131 2018 reginamque
1156 1934 1201 1999 ad
1228 1935 1458 2018 Margaritam
1482 1955 1562 2004 cum

604 2053 816 2140 quibusdam
841 2051 965 2120 aulicis
990 2070 1027 2117 se
1044 2051 1288 2129 contulissent,
1311 2059 1346 2117 et
1368 2071 1430 2136 per
1450 2052 1562 2121 vireta

604 2186 745 2234 amoena
759 2168 884 2255 quibus
899 2164 1080 2234 castellum
1094 2159 1315 2250 cingebatur,
1326 2167 1560 2248 ambulantes

602 2285 694 2351 inter
714 2303 752 2352 se
767 2284 876 2350 verba
891 2285 1063 2361 sererent,
1081 2300 1196 2348 sermo
1215 2283 1258 2347 de
1278 2278 1468 2350 christiana
1483 2285 1563 2351 reli·

582 2402 712 2486 ¹gicne
743 2400 833 2468 forte
861 2399 995 2466 incidit.
1022 2401 1119 2464 Tunc
1145 2401 1315 2483 Marcius,
1343 2399 1387 2466 eb
1404 2401 1562 2468 innatam
1661 2475 1664 2481 ,

605 2518 740 2602 linguae
760 2515 1081 2601 intemperantiam,
1103 2515 1214 2582 libere
1231 2516 1349 2583 dicere
1367 2518 1456 2585 etin
1474 2518 1564 2585 ludi·

606 2633 722 2701 brium
741 2634 903 2719 quaedam
930 2651 1032 2699 sacra
1056 2637 1194 2698 vertere
1214 2651 1323 2700 ausus
1347 2638 1412 2701 est.
1434 2637 1480 2702 At
1499 2638 1562 2703 Sa·

606 2755 750 2834 gontuS,
766 2753 843 2835 jam
856 2734 921 2816 irae
940 2749 1128 2834 impotens,
1143 2749 1237 2815 hunc
1251 2754 1320 2817 tam
1335 2753 1462 2819 acerba
1477 2772 1564 2821 voce

606 2867 868 2952 reprehendere
895 2865 1002 2952 coepit
1027 2868 1066 2932 ut
1093 2868 1262 2945 MarotuS,
1285 2865 1406 2959 gladic
1428 2869 1561 2952 stricte,

606 2983 643 3049 in
666 2981 765 3050 iilum
789 2984 942 3060 irruens,
969 3002 1054 3049 sane
1073 2986 1195 3069 pectus
1219 2983 1478 3066 transfodisset,
1495 2987 1564 3054 nisi

607 3099 711 3165 amici
729 3100 1020 3192 supervenientes
1040 3100 1234 3182 Sagontum
1254 3103 1366 3166 tutum
1393 3100 1564 3170 inlocum

608 3213 851 3282 abduxissent.
878 3215 955 3294 Hic,
986 3213 1023 3280 in
1049 3215 1216 3299 praesenti
1243 3215 1397 3300 quidem,
1422 3217 1565 3302 injuriae

608 3326 793 3397 immemor
820 3350 900 3398 esse
926 3331 1038 3410 visne,
1068 3329 1200 3396 nullam
1227 3332 1270 3398 ab
1295 3331 1437 3400 inimico
1457 3334 1565 3419 hujus

607 3446 689 3514 iacti
705 3466 847 3533 poenam
865 3452 1027 3532 repetere
1044 3446 1200 3514 tentavit.
