3406 5438
914 859 1091 925 ..34-

486 1032 489 1038 ·
526 1007 616 1072 dat:
653 1030 664 1059 «
693 1000 974 1070 Remonstrance
999 1003 1022 1065 ὰ
1048 995 1184 1082 Senon,
1206 1001 1228 1063 ἰι
1249 996 1476 1065 laHueieeie

525 1126 562 1186 ei
578 1140 625 1186 aee
638 1125 740 1204 poete
755 1120 977 1206 champestre
987 1135 1060 1200 par
1077 1117 1233 1181 maistre
1250 1111 1387 1182 Daluee
1404 1111 1474 1182 Lo-

525 1241 593 1319 cet,
611 1233 862 1318 Pamezceoys
878 1257 890 1298 .·

595 1419 680 1468 Povre
697 1415 800 1482 Sagen,
821 1429 856 1467 en
872 1415 938 1480 quel
955 1410 1013 1465 lieu
1029 1415 1129 1465 t’es-tu
1141 1413 1223 1464 mis‘?

594 1497 636 1546 Tu
652 1508 685 1547 as
699 1497 799 1560 anquis
815 1495 882 1560 cinq
897 1508 965 1545 cens
978 1495 1055 1544 mille
1069 1506 1206 1558 ennemys

594 1579 717 1629 Pensant
728 1576 806 1628 avoir
819 1576 862 1626 los
875 1579 903 1625 et
916 1589 1012 1626 renem
1025 1574 1176 1639 d'escripre

594 1657 697 1710 Contio
711 1658 803 1708 Maron
817 1658 866 1720 qui
883 1670 919 1706 ne
932 1648 991 1707 s'en
1003 1657 1072 1707 faiet
1084 1669 1140 1720 que
1155 1655 1221 1714 rire,

593 1724 628 1788 Et
640 1740 683 1787 tes
697 1737 817 1801 escriptz
832 1735 966 1800 ausquelz
985 1750 1001 1786 a
1015 1735 1157 1799 plusieurs
1172 1736 1245 1784 motz

594 1818 666 1867 Tant
679 1817 735 1867 mal
748 1818 822 1867 assis
837 1816 885 1880 luy
899 1821 1012 1866 servent
1027 1815 1062 1865 de
1078 1816 1221 1871 Marmotz‚

593 1898 637 1949 0u
651 1900 745 1962 singes
760 1899 856 1958 vienn,
872 1898 922 1962 luy
937 1897 1065 1946 donnaus
1080 1898 1286 1960 passe-lemps.
1298 1931 1322 1944 ..

567 2069 634 2135 Sed
658 2068 693 2132 hi
719 2067 916 2153 praesertim
934 2066 1049 2132 notari
1068 2065 1153 2131 mihi
1176 2066 1340 2131 videntur
1353 2084 1479 2130 versus

522 2185 647 2267 quibus
665 2183 775 2250 Collet
789 2183 1021 2249 aitMarotnm
1037 2175 1217 2266 nunqnam
1237 2182 1382 2266 Sagonti
1399 2202 1481 2248 ver-

521 2300 574 2366 bis
594 2300 738 2365 saetisve
754 2300 907 2365 animum
927 2299 1116 2366 attendisse
1141 2297 1210 2364 nisi
1231 2302 1415 2384 postquam
1433 2299 1476 2364 ab

522 2414 588 2480 hoe
616 2416 762 2498 indigne
789 2416 1011 2482 insimulatus
1029 2413 1121 2481 fuit:

592 2609 666 2657 Pour
680 2608 804 2672 abreget,
817 2606 837 2656 il
849 2607 927 2658 n'eut
938 2607 1042 2672 jamnis
1060 2607 1142 2658 envie

591 2687 749 2751 D'escripre
763 2689 822 2737 rien
836 2687 870 2736 de
886 2690 914 2736 ta
928 2687 1094 2738 meschante
1107 2688 1152 2738 vie

592 2766 661 2816 Fors
676 2766 772 2830 quand
786 2766 805 2815 il
818 2766 883 2816 veid
898 2779 954 2828 que
967 2766 1031 2816 vins
1045 2767 1061 2816 ὲ
1079 2765 1229 2828 t'avanser‚

591 2847 635 2896 De
649 2860 749 2910 songer
760 2845 816 2896 mal
830 2845 865 2895 de
877 2846 926 2910 luy
941 2848 969 2896 ei
980 2844 1007 2896 le
1019 2838 1114 2897 tenser

594 2925 625 2977 Si
639 2928 789 2976 sottement
804 2940 871 2976 sans
884 2940 969 2976 cause
982 2930 1010 2976 et
1025 2941 1092 2977 sans
1106 2929 1211 2987 raison,

592 3007 668 3055 Doni
683 3020 720 3056 on
735 3009 763 3056 te
777 3005 835 3057 diet
849 3006 912 3070 plus
928 3009 972 3056 sot
987 3007 1074 3071 qu’un
1083 3009 1170 3072 jeune
1186 3021 1285 3072 oyson.

1102 3083 1148 3152 (La
1164 3088 1254 3153 Haye,
1269 3088 1317 3153 IV,
1332 3084 1408 3145 481.)

523 3243 649 3328 quibus
664 3245 824 3312 versibus
840 3246 931 3313 sieut
946 3247 979 3311 et
992 3245 1150 3330 pluribus
1165 3245 1243 3313 aliis
1258 3265 1397 3313 omnem
1411 3247 1479 3314 dis·

524 3361 653 3426 cordiae
673 3361 944 3446 certaminisque
957 3379 1098 3427 causam
1116 3381 1135 3426 e
1151 3363 1305 3447 Sagonto
1323 3364 1476 3449 pendere

524 3477 749 3561 perspicuum
767 3480 832 3542 est.
1293 3542 1294 3546 ,

568 3596 669 3660 Haud
688 3595 798 3661 multo
815 3599 906 3680 post,
927 3596 1120 3663 Germanus
1137 3597 1304 3664 Nicolaus
1325 3599 1476 3680 Bucher‚

439 3714 445 3724 '
523 3712 717 3797 praeclarus
735 3717 855 3778 orator
868 3718 901 3778 et
916 3716 1032 3797 poeta,
1046 3715 1145 3797 eujus
1158 3714 1289 3782 frustra
1305 3716 1475 3783 auxilium

526 3829 702 3910 Sagontus
721 3847 793 3894 non
809 3827 919 3894 semel
933 3828 1156 3911 flagitaverat
1172 3847 1179 3896 :

667 3999 738 4050 Vien
754 4004 850 4051 contre
869 4015 901 4052 ce
915 4001 1005 4052 Marot
1017 4001 1132 4067 maling,

664 4080 801 4142 Bouchet‚
815 4086 843 4132 et
855 4083 905 4143 toi,
922 4081 1054 4133 Germein
1069 4083 1161 4149 Colin‚

664 4160 808 4226 D’Angers
823 4165 852 4212 et
864 4162 983 4214 Poitiers
994 4162 1021 4213 la
1036 4162 1161 4226 defense,
1290 4159 1421 4232 (Euhan.)
